<record><leader>00000cas a22000007a 4500</leader><controlfield tag="001">12407422</controlfield><controlfield tag="008">850821d18391839ohuwr ne      0    0eng d</controlfield><datafield ind1=" " ind2=" " tag="010"><subfield code="a">sn 85041113 </subfield></datafield><datafield ind1=" " ind2=" " tag="040"><subfield code="a">NPV</subfield><subfield code="b">eng</subfield><subfield code="c">NPV</subfield><subfield code="d">OCLCQ</subfield></datafield><datafield ind1=" " ind2=" " tag="042"><subfield code="a">msc</subfield></datafield><datafield ind1="0" ind2=" " tag="130"><subfield code="a">Extra Ohio statesman (Columbus, Ohio : 1839)</subfield></datafield><datafield ind1="1" ind2="0" tag="245"><subfield code="a">Extra Ohio statesman.</subfield></datafield><datafield ind1="1" ind2="3" tag="246"><subfield code="a">Ohio statesman</subfield></datafield><datafield ind1=" " ind2=" " tag="260"><subfield code="a">Columbus, Ohio :</subfield><subfield code="b">[S. Medary &amp; Bros.],</subfield><subfield code="c">1839-</subfield></datafield><datafield ind1=" " ind2=" " tag="300"><subfield code="a">v.</subfield></datafield><datafield ind1=" " ind2=" " tag="310"><subfield code="a">Weekly</subfield></datafield><datafield ind1="0" ind2=" " tag="362"><subfield code="a">No. 1 (July 6, 1839)-</subfield></datafield><datafield ind1="1" ind2=" " tag="362"><subfield code="a">Ceased in 1839?</subfield></datafield><datafield ind1=" " ind2=" " tag="500"><subfield code="a">"Strictly devoted to the fall campaign - to the principles of the Democratic party."</subfield></datafield><datafield ind1=" " ind2=" " tag="500"><subfield code="a">Editor: S. Medary &lt;July 6, 1839&gt;.</subfield></datafield><datafield ind1=" " ind2=" " tag="752"><subfield code="a">United States</subfield><subfield code="b">Ohio</subfield><subfield code="c">Franklin</subfield><subfield code="d">Columbus.</subfield></datafield></record>